@misc{uvicorn,
    author={{Encode UK Ltd}},
    title={Uvicorn -- An {ASGI} web server, for Python},
    url={https://www.uvicorn.org},
    note={Accessed: 02.03.2023}
}

@misc{milojkovic2021,
    doi={10.21227/4821-vf03},
    url={https://dx.doi.org/10.21227/4821-vf03},
    author={Milojkovic, Filip},
    publisher={IEEE Dataport},
    title={GEM HOUSE openData: German Electricity consumption in Many HOUSEholds over three years 2018-2020 (Fresh Energy)},
    year={2021}
}
